@misc{autompg,	
	howpublished = {\url{http://lib.stat.cmu.edu/datasets/cars.desc}}
}

@misc{horsepower,
	howpublished = {\url{https://www.ajdesigner.com/phphorsepower/horsepower_equation_trap_speed_method_increase_horsepower.php}}
}

@misc{multicollinearity,
	howpublished = {\url{https://statisticsbyjim.com/regression/multicollinearity-in-regression-analysis/\#}}
}